@article{bandura1977self,
  title={Self-efficacy: toward a unifying theory of behavioral change.},
  author={Bandura, Albert},
  journal={Psychological review},
  volume={84},
  number={2},
  pages={191},
  year={1977},
  publisher={American Psychological Association}
}

@article{artino2012academic,
  title={Academic self-efficacy: from educational theory to instructional practice},
  author={Artino, Anthony R},
  journal={Perspectives on medical education},
  volume={1},
  number={2},
  pages={76--85},
  year={2012},
  publisher={Springer}
}

@article{stajkovic1998self,
  title={Self-efficacy and work-related performance: A meta-analysis.},
  author={Stajkovic, Alexander D and Luthans, Fred},
  journal={Psychological bulletin},
  volume={124},
  number={2},
  pages={240},
  year={1998},
  publisher={American Psychological Association}
}

@article{vancouver2002two,
  title={Two studies examining the negative effect of self-efficacy on performance.},
  author={Vancouver, Jeffrey B and Thompson, Charles M and Tischner, E Casey and Putka, Dan J},
  journal={Journal of applied psychology},
  volume={87},
  number={3},
  pages={506},
  year={2002},
  publisher={American Psychological Association}
}

@article{pajares1996self,
  title={Self-efficacy beliefs and mathematical problem-solving of gifted students},
  author={Pajares, Frank},
  journal={Contemporary educational psychology},
  volume={21},
  number={4},
  pages={325--344},
  year={1996},
  publisher={Elsevier}
}

@article{schunk2009self,
  title={Self-efficacy theory},
  author={Schunk, Dale H and Pajares, Frank},
  journal={Handbook of motivation at school},
  pages={35--53},
  year={2009}
}

@article{moores2009self,
  title={Self-efficacy, overconfidence, and the negative effect on subsequent performance: A field study},
  author={Moores, Trevor T and Chang, Jerry Cha-Jan},
  journal={Information \& Management},
  volume={46},
  number={2},
  pages={69--76},
  year={2009},
  publisher={Elsevier}
}

@article{bandura2010self,
  title={Self-efficacy},
  author={Bandura, Albert},
  journal={The Corsini encyclopedia of psychology},
  pages={1--3},
  year={2010},
  publisher={Wiley Online Library}
}

@article{heslin1999boosting,
  title={Boosting empowerment by developing self-efficacy},
  author={Heslin, Peter A},
  journal={Asia Pacific Journal of Human Resources},
  volume={37},
  number={1},
  pages={52--64},
  year={1999},
  publisher={Wiley Online Library}
}
@article{tsai2010programmer,
  title={Programmer perceptions of knowledge-sharing behavior under social cognitive theory},
  author={Tsai, Ming-Ten and Cheng, Nai-Chang},
  journal={Expert Systems with Applications},
  volume={37},
  number={12},
  pages={8479--8485},
  year={2010},
  publisher={Elsevier}
}


@article{dunlap2005problem,
  title={Problem-based learning and self-efficacy: How a capstone course prepares students for a profession},
  author={Dunlap, Joanna C},
  journal={Educational Technology Research and Development},
  volume={53},
  number={1},
  pages={65--83},
  year={2005},
  publisher={Springer}
}

@inproceedings{kanaparan2017self,
  title={Self-efficacy and Behavioural Engagement in Introductory Programming Courses.},
  author={Kanaparan, Geetha and Cullen, Rowena and Mason, David DM},
  booktitle={PACIS},
  pages={209},
  year={2017}
}

@article{fu2010information,
  title={Is information technology career unique? Exploring differences in career commitment and its determinants among IT and non-IT employees},
  author={Fu, Jen-Ruei and others},
  journal={International journal of electronic business management},
  volume={8},
  number={4},
  pages={272--281},
  year={2010}
}

@article{arya2012moderating,
  title={Moderating effect of gender role orientation on the relationship between organizational commitment and self efficacy},
  author={Arya, Bhavana and Sharma, Mridula and Singh, Shriparna},
  journal={International Journal of Scientific and Research Publications},
  volume={2},
  number={12},
  pages={1--5},
  year={2012},
  publisher={Citeseer}
}

@article{hazzan2010recruiting,
  title={Recruiting software practitioners: the importance of self-efficacy},
  author={Hazzan, Orit and Seger, Tali},
  year={2010},
  publisher={Citeseer}
}


@inproceedings{steinmacher2015increasing,
  title={Increasing the self-efficacy of newcomers to Open Source Software projects},
  author={Steinmacher, Igor and Wiese, Igor and Conte, Tayana Uchoa and Gerosa, Marco Aurelio},
  booktitle={2015 29th Brazilian Symposium on Software Engineering},
  pages={160--169},
  year={2015},
  organization={IEEE}
}

@article{srisupawong2018relationship,
  title={The relationship between sources of self-efficacy in classroom environments and the strength of computer self-efficacy beliefs},
  author={Srisupawong, Yuwarat and Koul, Ravinder and Neanchaleay, Jariya and Murphy, Elizabeth and Francois, Emmanuel Jean},
  journal={Education and Information Technologies},
  volume={23},
  number={2},
  pages={681--703},
  year={2018},
  publisher={Springer}
}

@inproceedings{votipka2020building,
  title={Building and Validating a Scale for Secure Software Development Self-Efficacy},
  author={Votipka, Daniel and Abrokwa, Desiree and Mazurek, Michelle L},
  booktitle={Proceedings of the 2020 CHI Conference on Human Factors in Computing Systems},
  pages={1--20},
  year={2020}
}

@misc{bandura1977social,
  title={Social learning theory},
  author={Bandura, A},
  year={1977},
  publisher={Prentice Hall, Englewood}
}

@article{bandura1994ramachaudran,
  title={Ramachaudran},
  author={Bandura, A and Self-efficacy In, VS},
  journal={Encyclopedia of human behavior},
  volume={4},
  pages={71--81},
  year={1994}
}

@article{brown2013self,
  title={Self-efficacy theory},
  author={Brown, Lisa J and Malouff, John M and Schutte, Nicola S},
  journal={Retrieved May},
  volume={31},
  pages={2015},
  year={2013}
}


@article{froman1989infant,
  title={Infant care self-efficacy},
  author={Froman, Robin D and Owen, Steven V},
  journal={Scholarly Inquiry for Nursing Practice},
  volume={3},
  number={3},
  pages={199--211},
  year={1989},
  publisher={Springer}
}

@article{gist1989effects,
  title={Effects of alternative training methods on self-efficacy and performance in computer software training.},
  author={Gist, Marilyn E and Schwoerer, Catherine and Rosen, Benson},
  journal={Journal of applied psychology},
  volume={74},
  number={6},
  pages={884},
  year={1989},
  publisher={American Psychological Association}
}

@article{gist1989influence,
  title={The influence of training method on self-efficacy and idea generation among managers},
  author={Gist, Marilyn E},
  journal={Personnel psychology},
  volume={42},
  number={4},
  pages={787--805},
  year={1989},
  publisher={Wiley Online Library}
}
@article{tannenbaum1991meeting,
  title={Meeting trainees' expectations: The influence of training fulfillment on the development of commitment, self-efficacy, and motivation.},
  author={Tannenbaum, Scott I and Mathieu, John E and Salas, Eduardo and Cannon-Bowers, Janis A},
  journal={Journal of applied psychology},
  volume={76},
  number={6},
  pages={759},
  year={1991},
  publisher={American Psychological Association}
}

@article{stone1994overconfidence,
  title={Overconfidence in initial self-efficacy judgments: Effects on decision processes and performance},
  author={Stone, Dan N},
  journal={Organizational behavior and human decision processes},
  volume={59},
  number={3},
  pages={452--474},
  year={1994},
  publisher={Elsevier}
}

@incollection{easterbrook2008selecting,
  title={Selecting empirical methods for software engineering research},
  author={Easterbrook, Steve and Singer, Janice and Storey, Margaret-Anne and Damian, Daniela},
  booktitle={Guide to advanced empirical software engineering},
  pages={285--311},
  year={2008},
  publisher={Springer}
}

@article{caruana2015longitudinal,
  title={Longitudinal studies},
  author={Caruana, Edward Joseph and Roman, Marius and Hern{\'a}ndez-S{\'a}nchez, Jules and Solli, Piergiorgio},
  journal={Journal of thoracic disease},
  volume={7},
  number={11},
  pages={E537},
  year={2015},
  publisher={AME Publications}
}

@article{kitchenham2002principles,
  title={Principles of survey research: part 3: constructing a survey instrument},
  author={Kitchenham, Barbara A and Pfleeger, Shari Lawrence},
  journal={ACM SIGSOFT Software Engineering Notes},
  volume={27},
  number={2},
  pages={20--24},
  year={2002},
  publisher={ACM New York, NY, USA}
}

@article{hair2009multivariate,
  title={Multivariate Data Analysis},
  author={Hair, Joseph F},
  year={2009}
}

@article{streiner2003being,
  title={Being inconsistent about consistency: When coefficient alpha does and doesn't matter},
  author={Streiner, David L},
  journal={Journal of personality assessment},
  volume={80},
  number={3},
  pages={217--222},
  year={2003},
  publisher={Taylor \& Francis}
}

@article{davazdahemami2018training,
  title={Training, Self-Efficacy, and Performance; a Replication Study},
  author={Davazdahemami, Behrooz and Luse, Andy and Scheibe, Kevin P and Townsend, Anthony M},
  journal={AIS Transactions on Replication Research},
  volume={4},
  number={1},
  pages={3},
  year={2018}
}