@book{griffiths1997learning,
  title={learning LATEX},
  author={Griffiths, David F and Higham, Desmond J},
  year={1997},
  publisher={SIAM}
}

@book{hahn1993latex,
  title={LATEX for Everyone},
  author={Hahn, Jane},
  year={1993},
  publisher={Prentice Hall PTR}
}

@book{mittelbach2004latex,
  title={The LATEX companion},
  author={Mittelbach, Frank and Goossens, Michel and Braams, Johannes and Carlisle, David and Rowley, Chris},
  year={2004},
  publisher={Addison-Wesley Professional}
}

@book{kopka2003guide,
  title={Guide to LATEX},
  author={Kopka, Helmut and Daly, Patrick W},
  year={2003},
  publisher={Pearson Education}
}

@article{long2015concept,
  title={The concept and practice of customizing a LaTeX template for scientific journals},
  author={Long, Jing and Shang, Chanyu and Sun, Yunzhi},
  journal={Chinese Journal of Scientific and Technical Periodicals},
  volume={9},
  pages={016},
  year={2015}
}
@inproceedings{cartaxo2018role,
  title={The role of rapid reviews in supporting decision-making in software engineering practice},
  author={Cartaxo, Bruno and Pinto, Gustavo and Soares, Sergio},
  booktitle={Proceedings of the 22nd International Conference on Evaluation and Assessment in Software Engineering 2018},
  pages={24--34},
  year={2018}
}
@article{cartaxo2020rapid,
  title={Rapid Reviews in Software Engineering},
  author={Cartaxo, Bruno and Pinto, Gustavo and Soares, Sergio},
  journal={arXiv preprint arXiv:2003.10006},
  year={2020}
}
@article{cartaxo2018model,
  title={A model to transfer knowledge from research to software engineering practice based on rapid reviews and evidence briefings},
  author={CARTAXO, Bruno Falc{\~a}o de Souza},
  year={2018},
  publisher={Universidade Federal de Pernambuco}
}