
@article{lenberg2015behavioral,
  title={Behavioral software engineering: A definition and systematic literature review},
  author={Lenberg, Per and Feldt, Robert and Wallgren, Lars G{\"o}ran},
  journal={Journal of Systems and software},
  volume={107},
  pages={15--37},
  year={2015},
  publisher={Elsevier}
}
@article{bandura2000cultivate,
  title={Cultivate self-efficacy for personal and organizational effectiveness},
  author={Bandura, Albert},
  journal={Handbook of principles of organization behavior},
  volume={2},
  pages={0011--21},
  year={2000},
  publisher={Wiley Online Library}
}
@article{federici2012principal,
  title={Principal self-efficacy: Relations with burnout, job satisfaction and motivation to quit},
  author={Federici, Roger A and Skaalvik, Einar M},
  journal={Social Psychology of Education},
  volume={15},
  number={3},
  pages={295--320},
  year={2012},
  publisher={Springer}
}

@misc{bandura1999self,
  title={Self-efficacy: The exercise of control},
  author={Bandura, Albert and Freeman, WH and Lightsey, Richard},
  year={1999},
  publisher={Springer}
}
@article{domenech2017self,
  title={Self-efficacy, satisfaction, and academic achievement: the mediator role of Students' expectancy-value beliefs},
  author={Dom{\'e}nech-Betoret, Fernando and Abell{\'a}n-Rosell{\'o}, Laura and G{\'o}mez-Artiga, Amparo},
  journal={Frontiers in psychology},
  volume={8},
  pages={1193},
  year={2017},
  publisher={Frontiers}
}
@article{federici2012principal,
  title={Principal self-efficacy: Relations with burnout, job satisfaction and motivation to quit},
  author={Federici, Roger A and Skaalvik, Einar M},
  journal={Social Psychology of Education},
  volume={15},
  number={3},
  pages={295--320},
  year={2012},
  publisher={Springer}
}

@book{griffiths1997learning,
  title={learning LATEX},
  author={Griffiths, David F and Higham, Desmond J},
  year={1997},
  publisher={SIAM}
}

@book{hahn1993latex,
  title={LATEX for Everyone},
  author={Hahn, Jane},
  year={1993},
  publisher={Prentice Hall PTR}
}

@book{mittelbach2004latex,
  title={The LATEX companion},
  author={Mittelbach, Frank and Goossens, Michel and Braams, Johannes and Carlisle, David and Rowley, Chris},
  year={2004},
  publisher={Addison-Wesley Professional}
}

@book{kopka2003guide,
  title={Guide to LATEX},
  author={Kopka, Helmut and Daly, Patrick W},
  year={2003},
  publisher={Pearson Education}
}

@article{long2015concept,
  title={The concept and practice of customizing a LaTeX template for scientific journals},
  author={Long, Jing and Shang, Chanyu and Sun, Yunzhi},
  journal={Chinese Journal of Scientific and Technical Periodicals},
  volume={9},
  pages={016},
  year={2015}
}
@inproceedings{cartaxo2018role,
  title={The role of rapid reviews in supporting decision-making in software engineering practice},
  author={Cartaxo, Bruno and Pinto, Gustavo and Soares, Sergio},
  booktitle={Proceedings of the 22nd International Conference on Evaluation and Assessment in Software Engineering 2018},
  pages={24--34},
  year={2018}
}
@article{cartaxo2020rapid,
  title={Rapid Reviews in Software Engineering},
  author={Cartaxo, Bruno and Pinto, Gustavo and Soares, Sergio},
  journal={arXiv preprint arXiv:2003.10006},
  year={2020}
}
@article{cartaxo2018model,
  title={A model to transfer knowledge from research to software engineering practice based on rapid reviews and evidence briefings},
  author={CARTAXO, Bruno Falc{\~a}o de Souza},
  year={2018},
  publisher={Universidade Federal de Pernambuco}
}
@article{boeker2013google,
  title={Google Scholar as replacement for systematic literature searches: good relative recall and precision are not enough},
  author={Boeker, Martin and Vach, Werner and Motschall, Edith},
  journal={BMC medical research methodology},
  volume={13},
  number={1},
  pages={131},
  year={2013},
  publisher={Springer}
}